@misc{TEDS,
  author={SAMHSA},
  year = {2019},
  title = {Treatment Episode Data Set: Admissions (TEDS-A) 2000-2019},
  howpublished = {https://www.datafiles.samhsa.gov/dataset/treatment-episode-data-set-admissions-2000-2019-teds-2000-2019-ds0001},
  institution={Substance Abuse and Mental Health Services Administration}
}

@misc{USCen19,
  author={United States Census Bureau},
  year = {2019},
  title = {State Population Estimate: 2010-2019},
  howpublished = {https://www.census.gov/data/datasets/time-series/demo/popest/2010s-state-total.html},
  institution={United States Census Bureau}
}

@misc{USCen09,
  author={United States Census Bureau},
  year = {2009},
  title = {State Intercensal Population Estimate: 2000-2009},
  howpublished = {https://www.census.gov/data/datasets/time-series/demo/popest/intercensal-2000-2010-state.html},
  institution={United States Census Bureau}
}

 @inbook{SAGE,
  place={Thousand Oaks, CA},
  booktitle={The SAGE Encyclopedia of Pharmacology and Society},
  publisher={SAGE Publications, Inc.},
  author={Boslaugh, Sarah},
  year={2016},
  pages={1758}
} 

 @misc{Reuters,
  title={Colorado, Washington first states to legalize recreational pot},
  url={https://www.reuters.com/article/us-usa-marijuana-legalization/colorado-washington-first-states-to-legalize-recreational-pot-idUSBRE8A602D20121107},
  journal={Reuters},
  publisher={Thomson Reuters},
  author={Coffman, Keith and Neroulias, Nicole},
  year={2012},
  month={Nov}
} 

@article{SynthControl,
 ISSN = {01621459},
 URL = {http://www.jstor.org/stable/29747059},
 author = {Alberto Abadie and Alexis Diamond and Jens Hainmueller},
 journal = {Journal of the American Statistical Association},
 number = {490},
 pages = {493--505},
 publisher = {[American Statistical Association, Taylor & Francis, Ltd.]},
 title = {Synthetic Control Methods for Comparative Case Studies: Estimating the Effect of California's Tobacco Control Program},
 urldate = {2022-05-12},
 volume = {105},
 year = {2010}
}

@inbook{MedicRev,
 URL = {http://www.jstor.org/stable/10.7249/j.ctt15zc545.11},
 author = {Jonathan P. Caulkins and Beau Kilmer and Mark A. R. Kleiman and Robert J. MacCoun and Gregory Midgette and Pat Oglesby and Rosalie Liccardo Pacula and Peter H. Reuter},
 booktitle = {Considering Marijuana Legalization: Insights for Vermont and Other Jurisdictions},
 publisher = {RAND Corporation},
 title = {Consequences of Marijuana Use},
 urldate = {2022-05-12},
 year = {2015}
}

 @misc{CDCOpEpi,
  title={Understanding the epidemic},
  author={CDC},
  url={https://www.cdc.gov/drugoverdose/epidemic/index.html#:~:text=The%20first%20wave%20began%20with,overdose%20deaths%20involving%20heroin4},
  journal={Centers for Disease Control and Prevention},
  publisher={Centers for Disease Control and Prevention},
  year={2021},
  month={Mar}
} 
